@Electronic{ ramsey2011,
	title = "Intel Core i7-2600K Sandy Bridge CPU Review",
	author = "David Ramsey",
	howpublished = "web",
	publisher = "BenchmarkReviews.com",
	month = jan,
	year = "2011",
	url = "http://benchmarkreviews.com/index.php?option=com_content&task=view&id=622&Itemid=63"
}

@Electronic{ intel2012:specs,
	title = "Intel® Core™ i7-2600 Processor Specifications",
	author = "Intel Corporation",
	publisher = "Intel Corporation",
	address = "2200 Mission College Blvd., Santa Clara, CA 95052-8119",
	month = "March",
	year = "2012",
	url = "http://ark.intel.com/products/52213",
	howpublished = "web"
}

@TechReport{ levinthal2009,
	title = "Performance Analysis Guide for Intel®
Core™ i7 Processor and Intel® Xeon™ 5500
processors",
	author = "David Levinthal",
	institution = "Intel Corporation",
	year = "2009",
	url = "http://software.intel.com/sites/products/collateral/hpc/vtune/performance_analysis_guide.pdf"
}

@Electronic{ intel2012:turbo,
	title = "Intel® Turbo Boost Technology",
	author = "Intel Corporation",
	howpublished = "web",
	month = "March",
	year = "2012",
	url = "http://www.intel.com/content/www/us/en/architecture-and-technology/turbo-boost/turbo-boost-technology.html",
	publisher = "Intel Corporation"
}

